<record><leader>00000cas a22000007a 4500</leader><controlfield tag="001">20942741</controlfield><controlfield tag="008">900123d19031905ohudr ne      0    0eng d</controlfield><datafield ind1=" " ind2=" " tag="010"><subfield code="a">sn 89076264 </subfield></datafield><datafield ind1=" " ind2=" " tag="040"><subfield code="a">ONP</subfield><subfield code="b">eng</subfield><subfield code="c">ONP</subfield><subfield code="d">OCLCQ</subfield></datafield><datafield ind1=" " ind2=" " tag="042"><subfield code="a">msc</subfield></datafield><datafield ind1="0" ind2=" " tag="130"><subfield code="a">Portsmouth times (Portsmouth, Ohio : 1903)</subfield></datafield><datafield ind1="1" ind2="0" tag="245"><subfield code="a">Portsmouth times.</subfield></datafield><datafield ind1=" " ind2=" " tag="260"><subfield code="a">Portsmouth, Ohio :</subfield><subfield code="b">Times Pub. Co.,</subfield><subfield code="c">1903-1905.</subfield></datafield><datafield ind1=" " ind2=" " tag="300"><subfield code="a">v.</subfield></datafield><datafield ind1=" " ind2=" " tag="310"><subfield code="a">Daily</subfield></datafield><datafield ind1="0" ind2=" " tag="362"><subfield code="a">Vol. 11, no. 249 (Oct. 3, 1903)-v. 12, no. (Sept. 2, 1905).</subfield></datafield><datafield ind1=" " ind2=" " tag="515"><subfield code="a">Number was present but could not be read.</subfield></datafield><datafield ind1=" " ind2=" " tag="580"><subfield code="a">Weekly eds.: Portsmouth times (Portsmouth, Ohio : 1861), 1903-1905.</subfield></datafield><datafield ind1=" " ind2=" " tag="752"><subfield code="a">United States</subfield><subfield code="b">Ohio</subfield><subfield code="c">Scioto</subfield><subfield code="d">Portsmouth.</subfield></datafield><datafield ind1="0" ind2=" " tag="775"><subfield code="t">Portsmouth times (Portsmouth, Ohio : 1861)</subfield><subfield code="w">(DLC)sn 86079031</subfield></datafield><datafield ind1="0" ind2="0" tag="780"><subfield code="t">Daily times (Portsmouth, Ohio : 1894)</subfield><subfield code="w">(DLC)sn 89076263</subfield></datafield><datafield ind1="0" ind2="0" tag="785"><subfield code="t">Portsmouth daily times (Portsmouth, Ohio : 1905)</subfield><subfield code="w">(DLC)sn 85038053</subfield></datafield></record>